@inproceedings{liu2017stein,
  title={Stein variational gradient descent as gradient flow},
  author={Qiang Liu},
  booktitle={Adavances in Neural Information Processing Systems},
  pages={3118--3126},
  year={2017}
}
@inproceedings{liu2016stein,
  title={Stein variational gradient descent as gradient flow},
  author={Qiang Liu and  Dilin Wang},
  booktitle={Advances in Neural Information Processing Systems},
  pages={2370--2378},
  year={2016}
}


@inproceedings{liu2019understanding,
  title={Understanding and accelerating particle-based variational inference},
  author={ Chang Liu and Jingwei Zhuo and  Pengyu Cheng and  Ruiyi Zhang and  Jun Zhu},
  booktitle={International Conference on Machine Learning},
  pages={4082--4092},
  year={2019}
}


@article{d2021annealed,
  title={Annealed {S}tein Variational Gradient Descent},
  author={Francesco D'Angelo and  Vincent Fortuin},
  journal={arXiv preprint arXiv:2101.09815},
  year={2021}
}

@inproceedings{zhuo2018message,
  title={Message passing {S}tein variational gradient descent},
  author={ Jingwei Zhuo and  Chang Liu and  Jiaxin Shi and  Jun Zhu and  Ning Chen and Bo Zhang},
  booktitle={International Conference on Machine Learning},
  pages={6018--6027},
  year={2018}
}

@article{zhang2019cyclical,
  title={Cyclical stochastic gradient mcmc for bayesian deep learning},
  author={Ruqi Zhang and Chunyuan Li and Jianyi Zhang and  Changyou Chen and Andrew Wilson},
  journal={arXiv preprint arXiv:1902.03932},
  year={2019}
}

@article{kobyzev2020normalizing,
  title={Normalizing flows: An introduction and review of current methods},
  author={Ivan Kobyzev and  Simon Prince and  Marcus Brubaker},
  journal={IEEE Transactions on Pattern Analysis and Machine Intelligence},
  year={2020},
  publisher={IEEE}
}


@inproceedings{liu2016kernelized,
  title={A kernelized Stein discrepancy for goodness-of-fit tests},
  author={Qiang Liu and  Jason Lee and  Michael Jordan},
  booktitle={International Conference on Machine Learning},
  pages={276--284},
  year={2016}
}


@article{blei2017variational,
  title={Variational inference: A review for statisticians},
  author={David Blei and  Alp Kucukelbir and Jon McAuliffe},
  journal={Journal of the American Statistical Association},
  volume={112},
  number={518},
  pages={859--877},
  year={2017},
  publisher={Taylor \& Francis}
}

@article{detommaso2018stein,
  title={A Stein variational Newton method},
  author={Detommaso, Gianluca and Cui, Tiangang and Spantini, Alessio and Marzouk, Youssef and Scheichl, Robert},
  journal={arXiv preprint arXiv:1806.03085},
  year={2018}
}